<?xml version="1.0" encoding="UTF-8"?><collection xmlns="http://www.loc.gov/MARC21/slim"><record><leader>00477nam--2200145-i-4500</leader><controlfield tag="001">000024518</controlfield><controlfield tag="002">20161230</controlfield><controlfield tag="005">20161230201035</controlfield><controlfield tag="008">060222s1000------------r-----000-0-eng-d</controlfield><datafield ind1=" " ind2=" " tag="080"><subfield code="a">534.231:537.811:577</subfield></datafield><datafield ind1=" " ind2=" " tag="245"><subfield code="a">The interaction of acoustical and electromagnetic fields with biological systems</subfield></datafield><datafield ind1=" " ind2=" " tag="260"><subfield code="a">New York, Alan R.Liss., Inc., 1982, Ix + 183p</subfield></datafield><datafield ind1=" " ind2=" " tag="490"><subfield code="a">Progress In Clinical And Biological Research</subfield></datafield><datafield ind1=" " ind2=" " tag="700"><subfield code="a">Shiro Takashima And Elliot Postow</subfield></datafield><datafield ind1=" " ind2=" " tag="852"><subfield code="a">72452</subfield></datafield></record></collection>